@misc{ 
    rfc1939,
    author = "J. Myers, Carnegie Mellon, M. Rose",
    title = "Post Office Protocol - Version 3",
    howpublished = {\url{https://tools.ietf.org/html/rfc1939}},
    year = "1996" 
},

@misc{ 
    gnutls,
    author = "GnuTLS.org",
    title = "The GnuTLS Transport Layer Security Library",
    howpublished = {\url{https://gnutls.org/}},
    year = "2021" 
},

@misc{ 
    spdlog_ref,
    author = "Gabi Melman",
    title = "spdlog",
    howpublished = {\url{https://github.com/gabime/spdlog}},
    year = "2021" 
},


@misc{ 
    tabulate_ref,
    author = "Pranav",
    title = "tabulate",
    howpublished = {\url{https://github.com/p-ranav/tabulate}},
    year = "2021" 
},

@misc{ 
    cli11_ref,
    author = "CLIUtils",
    title = "CLI11",
    howpublished = {\url{https://github.com/CLIUtils/CLI11}},
    year = "2021" 
},

@misc{ 
    json_ref,
    author = "Niels Lohmann",
    title = "JSON for Modern C++",
    howpublished = {\url{https://nlohmann.github.io/json/}},
    year = "2021" 
},

@misc{ 
    gnutls_cpp,
    author = "GnuTLS.org",
    title = "Client example using the C++ API",
    howpublished = {\url{https://gnutls.org/manual/html_node/Client-example-in-C_002b_002b.html}},
    year = "2021" 
},

@misc{ 
    grpc,
    author = "gRPC Authors",
    title = "A high performance, open source universal RPC framework",
    howpublished = {\url{https://grpc.io/}},
    year = "2021" 
},

@misc{ 
    protobuf,
    author = "Google",
    title = "Protocol Buffers",
    howpublished = {\url{https://developers.google.com/protocol-buffers}},
    year = "2021" 
},

@misc{ 
    httplib-ref,
    author = "yhirose",
    title = "cpp-httplib",
    howpublished = {\url{https://github.com/yhirose/cpp-httplib}},
    year = "2020" 
},

@misc{ 
    inja-ref,
    author = "pantor",
    title = "Inja is a template engine for modern C++",
    howpublished = {\url{https://github.com/pantor/inja}},
    year = "2020" 
},